% Use this file for citations not found in the ACL Anthology (contained in "anthology.bib").
@article{xu2015attend,
	title        = {Show, Attend and Tell: Neural Image Caption Generation with Visual Attention},
	author       = {Xu, Kelvin and Ba, Jimmy and Kiros, Ryan and Cho, Kyunghyun and Courville, Aaron C. and Salakhutdinov, Ruslan and Zemel, Richard S. and Bengio, Yoshua},
	year         = 2015,
	journal      = {CoRR},
	volume       = {abs/1502.03044},
	url          = {http://dblp.uni-trier.de/db/journals/corr/corr1502.html#XuBKCCSZB15},
	added-at     = {2017-09-17T23:46:14.000+0200},
	biburl       = {https://www.bibsonomy.org/bibtex/2e3d7fad14401da21e0885ef843872ebf/nosebrain},
	ee           = {http://arxiv.org/abs/1502.03044},
	interhash    = {4358528daf0cc2c9d2d99afe51772d6f},
	intrahash    = {e3d7fad14401da21e0885ef843872ebf},
	keywords     = {attention image network neural recommendation tag tagnn},
	timestamp    = {2017-09-17T23:46:14.000+0200}
}
@inbook{ghanimifard19,
	title        = {Knowing When to Look for What and Where: Evaluating Generation of Spatial Descriptions with Adaptive Attention: Munich, Germany, September 8-14, 2018, Proceedings, Part IV},
	author       = {Ghanimifard, Mehdi and Dobnik, Simon},
	year         = 2019,
	month        = {01},
	pages        = {153--161},
	doi          = {10.1007/978-3-030-11018-5_14},
	isbn         = {978-3-030-11017-8}
}
@article{hesselSW15,
	title        = {Image Representations and New Domains in Neural Image Captioning},
	author       = {Jack Hessel and Nicolas Savva and Michael J. Wilber},
	year         = 2015,
	journal      = {CoRR},
	volume       = {abs/1508.02091},
	url          = {http://arxiv.org/abs/1508.02091},
	eprinttype   = {arXiv},
	eprint       = {1508.02091},
	timestamp    = {Mon, 13 Aug 2018 16:48:13 +0200},
	biburl       = {https://dblp.org/rec/journals/corr/HesselSW15.bib},
	bibsource    = {dblp computer science bibliography, https://dblp.org}
}
@misc{https://doi.org/10.48550/arxiv.1612.01887,
	title        = {Knowing When to Look: Adaptive Attention via A Visual Sentinel for Image Captioning},
	author       = {Lu, Jiasen and Xiong, Caiming and Parikh, Devi and Socher, Richard},
	year         = 2016,
	publisher    = {arXiv},
	doi          = {10.48550/ARXIV.1612.01887},
	url          = {https://arxiv.org/abs/1612.01887},
	copyright    = {arXiv.org perpetual, non-exclusive license},
	keywords     = {Computer Vision and Pattern Recognition (cs.CV), Artificial Intelligence (cs.AI), FOS: Computer and information sciences, FOS: Computer and information sciences}
}
@article{imageclef,
	title        = {The IAPR TC12 Benchmark: A New Evaluation Resource for Visual Information Systems},
	author       = {Grubinger, Michael and Clough, Paul and MÃ¼ller, Henning and Deselaers, Thomas},
	year         = 2006,
	month        = 10,
	journal      = {Workshop Ontoimage},
	pages        = {}
}
@article{flickr8k,
	title        = {Framing Image Description as a Ranking Task: Data, Models and Evaluation Metrics.},
	author       = {Hodosh, Micah and Young, Peter and Hockenmaier, Julia},
	year         = 2013,
	journal      = {J. Artif. Intell. Res.},
	volume       = 47,
	pages        = {853--899},
	url          = {http://dblp.uni-trier.de/db/journals/jair/jair47.html#HodoshYH13},
	added-at     = {2017-06-21T00:00:00.000+0200},
	biburl       = {https://www.bibsonomy.org/bibtex/268b8d329e8f6639b01c0f6b2b500a274/dblp},
	ee           = {https://doi.org/10.1613/jair.3994},
	interhash    = {0f2a4f1b0f3348c19e7922674b42ff04},
	intrahash    = {68b8d329e8f6639b01c0f6b2b500a274},
	keywords     = {dblp},
	timestamp    = {2017-06-22T11:37:34.000+0200}
}
@misc{ilinykh,
	title        = {Image Captioning tutorial},
	author       = {Ilinykh, Nikolai},
	journal      = {GitHub},
	url          = {https://github.com/sdobnik/aics/tree/master/tutorials/03-image-captioning/2022}
}
@misc{bernardi16,
	title        = {Automatic Description Generation from Images: A Survey of Models, Datasets, and Evaluation Measures},
	author       = {Bernardi, Raffaella and Cakici, Ruket and Elliott, Desmond and Erdem, Aykut and Erdem, Erkut and Ikizler-Cinbis, Nazli and Keller, Frank and Muscat, Adrian and Plank, Barbara},
	year         = 2016,
	publisher    = {arXiv},
	doi          = {10.48550/ARXIV.1601.03896},
	url          = {https://arxiv.org/abs/1601.03896},
	copyright    = {arXiv.org perpetual, non-exclusive license},
	keywords     = {Computation and Language (cs.CL), Computer Vision and Pattern Recognition (cs.CV), FOS: Computer and information sciences, FOS: Computer and information sciences}
}
